2250 3875
354 427 416 471 D.
435 422 573 470 Iunia·

350 498 589 555 sententia

359 575 420 617 de
443 575 603 617 conice-

355 647 500 694 ratis·

667 218 754 303 66'
987 229 1060 299 c,
1102 196 1245 296 cn.
1288 222 1833 298 SALLvsTu

667 426 822 473 rec
841 425 1042 471 xssn.
1070 372 1078 378 ‚
1151 402 1320 467 Tum
1351 403 1429 470 D.
1460 399 1687 468 Iunius
1720 399 1987 474 SilanuS,
2026 391 2147 478 pri-

667 539 812 585 mus
847 517 1215 583 sententiam
1244 524 1525 597 rogatae,
1570 515 1739 600 quod
1772 534 1851 577 eo
1884 520 2150 590 tempore

667 632 895 699 Consul
924 628 1277 713 defignatus
1310 638 1483 704 erat,
1525 630 1605 691 de
1636 627 1767 703 his,
1808 624 1922 711 qui
1953 621 2014 685 in
2046 637 2152 681 cu-

587 774 592 782 ·
666 746 880 813 stodiis
911 742 1325 816 tenebantur,
1379 750 1700 825 praeterea
1732 740 1812 803 de
1846 736 1917 801 L.
1948 726 2154 801 Cafi'io,

355 1885 575 1944 Caesaris
595 1887 652 1929 in

667 860 736 924 P.
765 857 968 931 Furio,
1013 854 1078 925 P.
1101 853 1444 927 Vmbreno‚
1484 852 1570 928 Q.
1589 853 1823 927 Annio,
1865 846 1915 911 fi
1943 847 2153 927 depre-

668 952 840 1033 henfi
872 954 1096 1041 forent,
1138 964 1508 1050 supplicium
1544 963 1911 1029 sumendum
1947 957 2178 1023 decre-⁴

667 1087 888 1156 uerat3
926 1080 1106 1163 isque
1138 1078 1382 1162 postea,
1427 1088 1749 1161 permotus
1782 1074 2057 1140 oratione
2087 1063 2178 1133 C..

667 1192 960 1267 Caesarie,
1000 1190 1263 1275 pedibus
1288 1190 1355 1253 in
1386 1188 1759 1255 sententiam
1788 1186 1933 1255 Tib.
1962 1180 2153 1248 Nero-

665 1307 766 1369 nis
805 1304 1154 1371 iturum-se
1198 1304 1491 1377 dixerat3
1582 1303 1755 1385 quod
1802 1302 1883 1365 de
1931 1315 2003 1361 ea
2050 1310 2153 1361 re,

667 1416 979 1500 praesidiis
1023 1404 1250 1479 additis.
1276 1460 1295 1491 ,
1365 1412 1771 1479 referundum
1824 1408 2151 1476 censuerat.

665 1526 791 1594 Sed
831 1527 1067 1605 Caesar,
1109 1529 1213 1594 vbi
1255 1527 1333 1591 ad
1373 1545 1522 1590 eum
1566 1534 1849 1602 ventum,
1905 1525 2155 1603 rogatus

663 1641 1036 1705 sententiam
1081 1660 1118 1706 a
1160 1638 1420 1705 Consule
1442 1682 1463 1715 ,
1503 1623 1935 1705 huiuscemodi
1972 1628 2153 1697 verba

663 1754 910 1818 locutus
953 1754 1061 1819 est.

797 1865 920 1935 LI.
1005 1910 1049 1944 ‚,
1085 1865 1328 1931 Omnes
1371 1864 1656 1931 homines
1679 1907 1700 1943 ,
1757 1865 1971 1931 Patres
2010 1872 2151 1919 con·

349 1966 634 2052 ⁰⁰⁸⁶¹fm⁸⁰⁸
667 1981 892 2063 scripti,
946 1979 1060 2062 qui
1094 1979 1172 2040 de
1202 1980 1389 2041 rebus
1418 1978 1625 2040 dubiis
1666 1975 2040 2047 consultant,
2079 1965 2151 2028 ab

355 2045 529 2088 eratne.

669 2091 853 2166 odio,
895 2088 1203 2175 amicitia,
1256 2087 1347 2151 ira
1378 2095 1566 2172 atque
1598 2084 2015 2152 misericordia
2048 2099 2149 2144 va-

671 2218 826 2268 cuos
862 2198 985 2266 effe
1020 2199 1219 2264 decet.
1322 2199 1510 2264 Haud
1544 2199 1731 2266 facile
1766 2200 2011 2266 animus
2049 2211 2149 2256 ve·

669 2333 815 2380 rum
859 2313 1148 2399 prouidet
1172 2357 1192 2389 ,
1248 2312 1354 2377 vbi
1396 2315 1504 2378 illa
1554 2311 1903 2387 obficiunt3
1956 2321 2150 2389 neque

672 2431 1007 2515 quisquam
1049 2425 1328 2490 omnium
1368 2426 1636 2494 lubidini
1682 2423 1865 2489 fimnl
1912 2421 1979 2488 &
2023 2412 2150 2481 vsui

672 2543 902 2624 paruit.
989 2538 1117 2606 Vbi
1157 2537 1499 2603 intenderis
1541 2538 1907 2620 ingenium,
1949 2532 2150 2596 valetz

673 2647 722 2712 fi
760 2651 982 2714 lubido·
1013 2647 1303 2734 poffidet,
1359 2670 1434 2714 ea
1482 2650 1872 2724 dominatur,
1914 2645 2149 2710 animus

671 2760 829 2824 nibil
873 2759 1056 2825 valet.
1144 2762 1372 2844 Magna
1412 2763 1566 2828 mihi
1602 2762 1779 2846 copia
1810 2771 2151 2825 memoran-

671 2872 770 2946 di,
827 2872 893 2936 P.
922 2869 994 2936 C.
1036 2872 1151 2955 qui
1184 2894 1363 2954 reges
1397 2885 1590 2960 atque
1623 2874 1872 2958 populi,
1926 2871 2021 2932 ira
2048 2870 2151 2928 aut

668 2984 1082 3048 misericordia
1123 2985 1369 3068 impulfi
1396 3031 1416 3062 ,
1482 2987 1645 3052 male
1694 2981 2153 3054 consuluerintt

666 3095 771 3159 sed
815 3113 890 3158 ea
934 3098 1096 3159 malo
1144 3099 1377 3174 dicere,
1432 3117 1593 3184 quae
1636 3101 1901 3167 maiores
1943 3088 2149 3160 nostri,

664 3218 880 3272 contra
906 3205 1252 3273 lubidinem
1280 3211 1495 3286 anitni,
1527 3210 1696 3277 refte
1726 3223 1913 3297 atque
1942 3201 2151 3269 ordine

666 3317 890 3384 fecere.
977 3321 1150 3384 Bello
1178 3321 1603 3405 Macedonico,
1636 3325 1805 3410 quod
1836 3337 1973 3385 cum
2003 3329 2151 3393 rege
