2250 3875
313 247 843 321 cATILmAs
929 247 1141 334 capa
1181 249 1421 320 xxv.
1523 273 1607 338 41

119 427 379 492 sumtam
427 435 708 494 mutuam
733 471 754 504 ,
841 423 1135 490 Faesulas
1182 422 1261 486 ad
1300 422 1609 490 Manlium

125 539 446 623 quemdam
476 550 718 624 portare
736 582 758 614 ,
797 538 910 622 qui
938 537 1150 620 postea
1178 537 1459 624 princeps
1484 538 1609 604 fuit

121 651 262 717 belli
319 652 619 718 faciundi.
733 651 830 715 Ea
881 651 1249 733 tempestate
1302 652 1607 733 plurimos

121 767 425 850 cuiusque
473 765 728 848 generis
770 763 1054 827 homines
1092 761 1411 845 adsciuiffe
1454 763 1611 827 dici-

113 888 258 957 tur3
317 879 621 943 mulieres
661 877 854 942 etiam
898 875 1166 956 aliquot,
1210 893 1379 959 quae
1413 876 1613 958 primo

111 992 410 1074 ingentes
452 990 704 1054 sumtus
741 989 950 1072 stupro
991 988 1255 1070 corporis
1298 988 1619 1054 toletane-

109 1113 296 1168 rantt
339 1103 477 1186 post
505 1103 613 1167 vbi
649 1108 822 1166 aetas
849 1101 1271 1165 tantummodo
1299 1101 1615 1185 quaestui,

109 1235 336 1302 neque
376 1214 665 1280 luxuriae
699 1214 946 1280 modum
987 1212 1223 1279 fecerat
1246 1258 1267 1289 ‚
1306 1233 1411 1278 aes
1454 1216 1611 1280 alie-

1 1354 3 1357 ’
114 1349 286 1393 num
324 1327 556 1411 grande
590 1328 1053 1401 conflauerant,
1109 1347 1225 1412 per
1260 1344 1369 1390 eas
1401 1325 1464 1392 se
1491 1327 1615 1392 Ca-

111 1441 306 1506 tilina
352 1441 640 1506 credebat
674 1439 840 1526 pofl'e
881 1441 1141 1505 seruitia
1180 1439 1413 1504 vrbana
1452 1439 1617 1504 solli-

109 1555 342 1630 citare,
380 1554 593 1620 vrbem
633 1555 968 1620 incendere
983 1597 1006 1630 ,
1048 1553 1213 1618 viros
1250 1571 1467 1618 earum
1489 1551 1616 1647 'vei

111 1667 459 1751 adiungere
493 1667 623 1744 fibi,
667 1669 770 1732 vel
799 1664 1177 1734 interficere.

259 1780 328 1846 X
343 1780 508 1850 XV.
583 1778 708 1845 Sed
753 1780 824 1845 in
867 1779 968 1844 hi's
1013 1789 1153 1843 erat
1205 1776 1568 1864 Sempronia
1596 1823 1617 1856 ‚
1634 1795 1847 1852 sempro-

111 1911 284 1980 quae
321 1894 524 1959 multa
563 1892 744 1978 saepe
775 1892 976 1959 virilis
1013 1891 1314 1955 audaciae
1346 1891 1621 1957 facinora
1637 1881 1905 1993 32:2¹.ss

111 2006 530 2072 commiserat.
639 2006 814 2071 Haec
863 2006 1093 2070 mulier
1142 2022 1378 2088 genere
1429 2014 1619 2088 atque
1635 2023 1902 2079 participis,

111 2120 326 2185 forma
339 2156 364 2193 ‚
405 2127 724 2201 praeterea
768 2121 902 2186 viro
917 2163 940 2196 ,
977 2119 1191 2185 liberis
1233 2116 1377 2183 satis
1418 2118 1618 2184 fortu-
1639 2110 1806 2147 ''¹⁰⁷⁸'‘

111 2240 286 2297 nata
301 2247 327 2294 t
377 2229 606 2291 litteris
637 2230 890 2293 Graecis
917 2241 1102 2315 atque
1132 2232 1370 2296 Latinis
1398 2232 1580 2299 duaa
1595 2256 1617 2299 t

113 2342 416 2429 psallere,
471 2338 687 2403 saltare
726 2341 1098 2421 elegantiuS,
1154 2361 1335 2425 quam
1371 2320 1617 2413 neeesse

115 2457 214 2523 est
247 2454 515 2539 probae:
571 2454 771 2518 multa
810 2454 974 2528 alia,
1015 2473 1173 2538 quae
1208 2457 1617 2525 instrumenta

119 2568 447 2635 luxuriae.
545 2564 668 2634 Sed
717 2566 778 2630 ei
818 2567 1048 2631 cariora
1094 2567 1329 2655 semper
1367 2573 1578 2636 omnia
1596 2615 1619 2648 ‚

119 2698 315 2767 quam
351 2680 544 2745 decus
563 2689 753 2764 atque
779 2680 1076 2765 pudicitia
1107 2682 1273 2748 fuit:
1314 2686 1635 2768 pecuniae>

125 2812 206 2859 an
235 2794 443 2858 famae
485 2793 694 2857 minus
737 2805 1033 2877 parceret,
1075 2794 1247 2860 haud
1280 2796 1467 2863 facile
1504 2798 1617 2860 de·-

127 2923 463 2973 cernet-est
539 2906 756 2970 lubido
801 2906 884 2971 fic
929 2908 1183 2973 accensa
1200 2951 1223 2984 ‚
1264 2916 1336 2972 vt
1373 2908 1617 2993 saepius

123 3028 366 3103 peteret
401 3020 567 3084 viros
591 3064 613 3096 ,
671 3038 858 3103 quam
900 3024 1250 3105 petereeur..
1370 3018 1493 3085 Sed
1543 3035 1619 3079 ea

124 3130 300 3215 saepe
339 3132 602 3218 antehac
644 3130 836 3196 fidem
873 3133 1256 3217 prodiderat,
1312 3128 1622 3193 creditum

125 3245 563 3317 abian-auem,
607 3244 812 3309 caedis
849 3245 1096 3311 conscia
1135 3242 1386 3315 fuerat,
1429 3240 1625 3307 luxu·-

125 3357 214 3423 ria
245 3366 443 3445 atque
475 3356 686 3439 inopia
709 3372 1003 3443 praeceps
1034 3354 1297 3421 abierat.
1378 3348 1627 3417 Verum

797 3466 850 3532 C
881 3488 932 3555 ς
