2250 3875
386 243 927 313 CATILINA.
1011 246 1216 313 CAP.
1257 248 1391 314 L1.
1564 271 1646 335 μ

50 382 53 447 ξ
129 418 346 495 leffe&
393 417 705 493 fastiosos,
747 420 862 504 qui
903 418 1307 485 seditionibus
1350 424 1641 506 rempub-
1664 441 1877 497 caesaris
1899 450 1957 493 c„

139 534 312 595 licam
371 532 897 615 exagitauerant,
954 533 1181 597 merito
1218 544 1471 599 necatos
1506 537 1637 601 aie·
1660 516 1939 637 {ZZJ‘M

135 646 296 711 bant.
411 642 546 709 Sed
587 665 662 709 ea
703 664 803 709 res
845 663 1106 728 magnae
1150 646 1409 711 initium
1450 649 1640 713 cladis

118 756 262 822 snit.
365 756 560 821 Nam·
591 758 683 823 vti
725 757 994 840 quisque
1039 758 1322 833 domurn,
1360 769 1475 823 aut
1518 760 1639 825 vil-

124 870 266 943 lam,
333 869 652 957 postremo
703 879 817 933 aut
871 887 980 933 vas
1034 880 1150 933 aut
1206 871 1640 938 vestimentum

127 982 406 1045 alicuius
443 982 929 1065 concupiuerat,
985 982 1175 1045 dabat
1218 1004 1506 1067 operam,
1551 986 1640 1049 vti
1759 1036 1764 1045 .

127 1095 192 1156 in
216 1093 708 1177 proscriptorum
739 1113 996 1158 numero
1027 1093 1198 1160 efl'et.
1284 1096 1383 1161 Ita
1408 1097 1637 1179 quibus

131 1202 494 1289 Damafippi
523 1226 690 1273 mors
720 1205 995 1269 laetitiae
1025 1206 1255 1282 fuerat,
1295 1208 1425 1292 post
1450 1212 1637 1291 paul·
1709 1276 1715 1281 ,

44 1392 46 1399 ,
136 1320 191 1381 lo
227 1317 348 1401 ipfi
385 1318 798 1383 trahebantur
817 1338 844 1384 t·
879 1337 1084 1402 neque
1127 1322 1297 1402 prius
1342 1320 1487 1385 finis
1532 1323 1635 1387 iu-

44 1474 46 1481 ·
141 1432 398 1512 galandi
425 1431 580 1507 fuit,
625 1448 812 1514 quam
845 1429 1026 1495 Sulla·
1056 1452 1273 1497 omnes
1302 1432 1441 1499 suos
1466 1434 1633 1501 diui-

42 1556 46 1641 ξ’
137 1544 237 1607 tiis
261 1544 580 1629 expleuit.
693 1544 904 1627 Atque
939 1562 1058 1625 ego
1089 1544 1246 1611 haec
1276 1566 1404 1611 non
1438 1548 1505 1613 in
1542 1548 1630 1617 M.

42 1664 45 1687 ¹
135 1655 348 1721 Tullio
367 1700 388 1732 ‚
434 1676 642 1740 neque
676 1656 770 1719 his
803 1657 1183 1738 temporibus
1212 1678 1465 1737 vereor3
1524 1660 1629 1727 sed

40 1800 49 1891 3
131 1768 196 1831 iu
231 1787 468 1853 magna
509 1762 772 1833 ciuitate
810 1769 1013 1833 multa
1051 1769 1122 1835 δε
1163 1772 1332 1835 varia
1372 1772 1631 1855 ingenia

135 1881 282 1948 funt.
379 1881 588 1948 Potest
623 1881 752 1946 alio
795 1889 1106 1962 tempore,
1151 1882 1277 1946 alio
1324 1884 1629 1962 Consule,

133 1998 228 2060 cui
259 1996 426 2060 item
467 1994 782 2059 exercitus
818 1993 886 2056 iu
922 2011 1185 2070 manus,
1241 1992 1469 2058 falsum
1512 1996 1630 2060 ali-
1766 2013 1774 2021 ·

128 2109 276 2192 quid
315 2127 432 2192 pro
465 2127 610 2172 vero
637 2107 838 2182 credi;
893 2106 996 2172 vbi
1023 2107 1143 2171 hoc
1170 2109 1475 2190 exemplu,
1516 2129 1629 2194 per

127 2219 344 2286 Senati
373 2221 720 2293 decretum,
762 2217 989 2284 Consul
1013 2221 1291 2302 gladium
1316 2221 1628 2298 eduxerit,

127 2335 264 2416 quis
295 2332 506 2398 finem
537 2331 790 2403 statuet,
830 2339 945 2393 aut
974 2332 1119 2412 quis
1148 2332 1625 2399 moderabitur?

128 2446 397 2512 Maiores
443 2443 636 2508 nostri
661 2487 681 2520 ,
739 2442 952 2506 Patres
992 2442 1361 2524 conscripti,
1415 2463 1626 2526 neque

125 2556 399 2630 confilii,
455 2573 660 2639 neque
691 2555 986 2619 audaciae
1020 2573 1317 2638 vmquam
1348 2574 1624 2638 egueret

124 2691 332 2755 neque
365 2667 650 2750 superbia
681 2667 990 2740 obstabat,
1061 2687 1188 2749 quo
1224 2667 1436 2732 minus
1464 2669 1623 2732 alie·

128 2803 196 2846 na
237 2781 572 2854 instituta,
631 2778 678 2842 fi
715 2781 899 2844 modo
936 2780 1161 2864 proba,
1204 2771 1621 2854 imitarentur,

123 2897 314 2960 Arma
361 2901 559 2974 atque
602 2893 728 2956 tela
765 2893 1054 2958 militaria
1093 2892 1173 2958 ab
1208 2892 1623 2969 Samnitibus,

121 3006 386 3089 infignia
420 3005 898 3086 magistratuum
937 3006 1016 3068 ab
1053 3004 1113 3069 Τ
1113 3003 1274 3068 ιιίείε
1320 3008 1621 3089 pleraque

120 3118 514 3183 sumserunt:
583 3118 884 3200 postremo
941 3117 1110 3200 quod
1171 3116 1405 3203 vbique
1448 3119 1617 3202 apud

119 3230 328 3306 socioS,
373 3237 488 3306 ant
524 3228 726 3294 hostes
753 3229 1050 3292 idoneum
1085 3229 1430 3305 videbatur,
1471 3249 1615 3295 cum

123 3341 358 3408 summo
410 3341 616 3408 studio
658 3343 825 3406 domi
873 3341 1409 3426 exsequebantur:
1468 3342 1614 3404 imi-

779 3453 835 3520 Ε
878 3472 922 3534 4
