2250 3875
347 910 470 957 socan·
493 920 600 954 con-

347 987 616 1031 iurationis

347 1060 496 1103 naria
505 1059 619 1121 sen-

349 1133 497 1181 tinne.

647 284 730 361 38
957 267 1027 337 c.
1071 264 1211 336 cR.
1256 260 1805 335 SALLvs‘ru

633 434 922 517 animm,
949 460 1161 525 neque
1188 456 1402 524 corpus
1431 457 1467 501 a
1489 437 1663 501 vobis
1690 437 1910 503 aberit.
1975 436 2180 523 Haec,¹

655 554 782 639 ipsa
816 599 834 629 ,
895 565 965 621 vt
1020 554 1228 637 spero,
1302 549 1615 616 vobiscum
1657 550 1883 616 Consul
1922 566 2145 631 agam:
2179 536 2180 539 Ἴ

658 658 774 735 nisi
818 669 981 733 forte
1028 668 1273 732 animus
1316 661 1484 727 fallit
1513 708 1533 737 ,
1603 660 1672 729 &
1718 682 1826 727 vos
1868 662 2099 727 semite
2129 705 2152 739 ,

659 800 848 867 quam
877 782 1201 868 imperare,
1246 776 1442 859 parati
1474 776 1635 841 estis.
1679 818 1722 850 ‚,

791 894 850 963 X
872 892 997 960 XI.
1054 890 1381 973 Postquam
1416 906 1709 974 accepere
1742 906 1817 953 ea
1848 887 2182 971 homineS,

661 1007 894 1094 quibus
925 1002 1087 1067 mala
1117 1002 1369 1066 abunde
1410 1002 1618 1067 omnia
1652 1009 1865 1073 erant,
1906 1000 2009 1063 sed
2040 1020 2153 1063 ne-
2180 982 2182 985 Α

653 1138 787 1203 que
814 1136 933 1188 τες,
969 1132 1177 1196 neque
1214 1113 1346 1196 spes
1378 1115 1543 1182 bona
1574 1116 1734 1199 vlla3
1790 1124 2002 1181 tamen
2040 1110 2155 1177 etfi.

657 1231 782 1297 illis
821 1229 1037 1312 quieta
1067 1245 1346 1300 mouere,
1373 1245 1599 1309 magna
1631 1247 1870 1293 merces
1902 1227 2157 1291 videba-

660 1352 805 1417 tur;
867 1352 1080 1405 tamen
1109 1340 1420 1421 postulare
1456 1339 1770 1426 plerique,
1814 1341 1905 1407 vti
1938 1358 2157 1425 propo-

661 1462 889 1529 neret,
961 1469 1129 1536 quae
1176 1452 1446 1516 conditio
1493 1452 1648 1519 belli
1692 1453 1894 1517 foret:
1996 1454 2185 1539 quae‘

659 1566 934 1654 praemia
971 1566 1157 1629 armis
1189 1573 1517 1651 peterent:
1596 1566 1745 1648 quid
1777 1566 2000 1650 vbique
2028 1565 2163 1647 opis

664 1688 779 1743 aut
815 1676 947 1760 spei
969 1676 1295 1745 haberent.
1382 1676 1551 1745 Tum
1584 1679 1852 1745 Catilina
1881 1676 2184 1762 polliceri

661 1790 909 1859 tabulas
942 1807 1164 1866 nouas,
1198 1789 1699 1877 proscriptionem
1727 1791 2161 1880 locupletium,

663 1903 1089 1988 magistratus,
1132 1902 1507 1980 sacerdotia,
1546 1906 1827 1992 rapinaS,
1870 1906 1993 1970 alia
2022 1910 2159 1968 om·-

633 2013 810 2103 ⁴nia',
868 2001 1309 2101 quae'bellum
1352 2025 1547 2102 atque
1593 2018 1811 2083 lubido
1852 2019 2161 2084 victorum

662 2131 805 2197 fert.
893 2129 1215 2196 Praeterea
1258 2127 1383 2196 effe
1426 2130 1495 2194 in
1536 2129 1828 2214 Hispania
1870 2132 2161 2200 citeriore

639 2241 982 2315 Pisonem,
1055 2242 1120 2305 in
1166 2241 1538 2308 Mauritania
1578 2263 1725 2308 cum
1770 2246 2049 2328 exercitu
2094 2245 2160 2314 P.

661 2352 920 2420 Sittium
952 2353 1363 2430 Nucerinum,
1406 2355 1646 2422 confilii
1678 2357 1769 2420 sui
1798 2358 2161 2442 participes:

666 2479 880 2556 petere
906 2467 1293 2534 consulatum
1323 2467 1391 2537 C.
1415 2470 1787 2542 Antonium,
1831 2489 2018 2552 quem
2046 2470 2160 2538 fibi

663 2581 966 2660 collegam
1005 2579 1139 2644 fore
1174 2580 1439 2666 speraret
1456 2624 1473 2650 ,
1517 2580 1832 2645 hominem
1870 2580 1939 2646 &
1973 2582 2153 2648 fami.

645 2691 876 2754 -liarem
901 2733 922 2765 ,
981 2689 1052 2760 &
1095 2693 1385 2756 omnibus
1438 2690 1985 2760 neceffitudinibus
2032 2697 2161 2762 cir-

665 2809 1127 2869 cumuentum:
1186 2825 1262 2867 eo
1294 2801 1623 2870 Consulem
1649 2807 1900 2872 initium
1926 2811 2160 2892 agendi

639 2911 993 2982 sanarum.
1071 2958 1078 2968 ,
1137 2916 1240 2982 Ad
1299 2915 1416 2982 hoc
1472 2918 1817 2986 maledictis
1874 2922 2159 3008 increpat

663 3046 882 3092 omnes
927 3027 1161 3097 bonost
1217 3028 1463 3098 suorum
1490 3051 2003 3119 vnumquemque
2042 3055 2160 3101 no·-

663 3141 913 3206 minans
946 3142 1241 3226 laudare3
1284 3144 1655 3210 admonebat
1686 3149 1876 3214 alium
1910 3151 2156 3232 egesta-

617 3327 623 3330 ,
661 3253 778 3330 tis„
811 3255 1002 3320 alium
1045 3257 1409 3340 cupiditatis
1448 3257 1611 3336 suae,
1657 3264 2001 3345 complures
2040 3282 2155 3343 pe-

553 3383 556 3388 ·
659 3366 846 3434 riculi
901 3377 1017 3436 aut
1071 3369 1449 3457 ignominiae
1472 3415 1495 3450 ,
1566 3377 1803 3442 multos
1842 3373 2152 3458 *vistoriae
