2250 3875
275 223 921 298 ·1V·GVRTHA.
1008 226 1470 300 CARXXI.
1551 247 1685 317 117

158 401 273 468 die
299 403 474 468 inter
509 403 665 469 duos
703 423 885 490 reges
914 412 1210 486 coeptum
1245 413 1438 488 atque
1473 415 1682 490 patra.

164 526 307 582 tum
350 505 598 582 bellum
636 517 825 590 foret.
908 515 1117 600 Igitur
1155 516 1464 600 Iugurtha
1501 522 1679 606 oppi-

160 632 313 696 dum
358 630 806 708 circumsedit,
891 632 1095 697 vineis
1142 632 1552 730 turribusque
1605 633 1676 700 δε

159 744 477 810 machinis
510 745 793 810 omnium
825 763 1133 828 generum
1169 748 1528 844 expugnare
1566 747 1679 810 ad·
1743 724 1746 727 Ι

150 859 497 942 grediturt
551 877 843 923 maxume
880 857 1182 924 festinans
1217 868 1470 944 tempus
1502 861 1681 960 lega-

148 981 389 1037 torum
432 980 805 1057 antecapere
831 1018 853 1049 ,
913 991 1070 1056 quos
1095 1015 1116 1048 ,
1173 980 1326 1036 ante
1367 957 1678 1056 praelium

144 1085 399 1152 fastum
414 1128 437 1160 ‚
481 1085 748 1171 Rpmam
792 1063 871 1150 ab
916 1085 1276 1151 Adherbale
1316 1083 1521 1150 missos
1561 1103 1678 1150 au-

146 1201 433 1266 diuerat.
532 1197 660 1264 Sed
704 1198 1025 1283 postquam
1068 1199 1340 1266 Senatus
1383 1200 1462 1264 de
1505 1199 1675 1264 bello

156 1329 379 1378 eorum
408 1313 673 1396 accepit,
703 1315 878 1392 (tres
905 1313 1375 1406 adolescentes)
1406 1315 1472 1377 in
1501 1314 1678 1379 Afri-

159 1445 297 1492 cam
326 1427 648 1509 legantur,
692 1427 801 1510 qui
829 1427 1013 1492 ambo
1044 1447 1226 1511 reges
1263 1427 1516 1503 adeant,
1553 1427 1673 1494 Se·-

146 1529 359 1606 natus‘
390 1541 737 1625 populique
778 1541 1041 1606 Romani
1083 1540 1290 1622 verbis
1326 1542 1673 1619 nuncient:

145 1695 195 1732 9,
218 1655 421 1724 Velle
454 1650 523 1717 ὅτ
552 1653 821 1731 censere,
855 1675 963 1719 eos
990 1654 1067 1718 ab
1099 1655 1290 1720 armis
1317 1654 1632 1720 discedere
1649 1676 1672 1722 a

143 1771 227 1834 de
260 1765 710 1834 controuerfiis
740 1767 915 1833 suis
896 1787 1036 1832 1ure
1070 1769 1280 1852 potius
1308 1787 1498 1852 quam
1531 1766 1671 1834 bel-
1733 1813 1749 1822 ψ

140 1885 209 1951 10
251 1879 652 1967 disceptare:
722 1881 813 1947 ita
858 1880 1045 1965 seque
1090 1880 1350 1966 illisque
1401 1884 1668 1965 dignum

142 1998 307 2069 fore.
354 2041 399 2074 „
526 2022 533 2027 ·

277 2110 538 2208 XXII.
594 2048 879 2195 Legati
858 2132 926 2177 m
954 2112 1238 2189 Africam
1276 2056 1670 2179 maturantes
1687 2138 1854 2189 Legna

142 2226 457 2299 veniunt,
529 2242 607 2288 eo
650 2226 897 2308 magiS,
954 2226 1125 2309 quod
1169 2228 1455 2304 Romae,
1513 2218 1752 2291 dum1³⁰
1755 2230 1818 2261 m·
1833 2216 1956 2273 ‘ff'
1909 2230 1981 2267 Ῥ

139 2336 452 2426 proficisci
484 2346 728 2421 parant,
758 2338 839 2401 de
865 2338 1098 2421 praelio
1124 2338 1291 2404 fatto
1327 2339 1395 2406 ἃ.
1426 2358 1664 2423 oppug-
1685 2290 1913 2408 axis?
1879 2362 1983 2405 uon

139 2454 411 2517 natione
452 2452 660 2531 Cirtae
705 2451 1136 2527 audiebatur-3
1207 2451 1311 2515 sed
1358 2453 1413 2515 is
1454 2472 1667 2516 rumor
1688 2442 1881 2487 ‘'dm“
1883 2444 1956 2485 “²²

138 2566 433 2631 clemens
477 2573 634 2630 erat.
721 2564 1012 2639 Quorum
1056 2564 1369 2649 Iugurtha
1409 2573 1667 2648 accepta
1682 2515 1909 2639 ..xmo

136 2681 433 2745 oratione
478 2676 834 2765 respondit:
937 2722 982 2756 „
1022 2678 1158 2745 Sibi
1200 2700 1412 2764 neque
1455 2680 1666 2745 maius

136 2794 515 2877 quidquam,
540 2810 750 2876 neque
773 2792 979 2858 carius
1008 2792 1382 2860 auetoritate
1407 2794 1664 2862 Senati:

132 2907 215 2969 ab
246 2904 673 2999 adolescentia
698 2907 789 2971 ita
818 2908 1093 2985 enisum,
1156 2911 1252 2973 vti
1284 2910 1364 2973 ab
1398 2918 1663 2994 optumo

130 3040 400 3103 quoque
441 3020 855 3103 probaretur}
914 3022 1150 3085 virtute
1178 3066 1199 3098 ,
1240 3042 1368 3087 non
1417 3024 1659 3088 malitia

126 3133 199 3199 Ρ.
231 3133 539 3217 Scipioni,
578 3134 819 3199 summo
850 3134 1003 3210 viro,
1032 3134 1361 3217 placuisse:
1405 3138 1484 3199 ob
1514 3148 1674 3199 eas-‘

125 3247 276 3311 dem
312 3259 485 3312 artes
522 3247 601 3309 ab
632 3247 919 3331 Micipsa,
964 3268 1093 3313 non
1129 3251 1392 3331 penuria
1424 3250 1658 3313 libero-

114 3380 293 3440 vtum,
325 3364 397 3427 in
428 3380 699 3443 regnum
730 3362 1148 3445 adoptatum.-
1191 3363 1494 3428 Ceterum
1529 3380 1656 3444 quo

792 3468 946 3557 Ha
