2250 3875
768 255 834 325 V
875 257 905 318 I
945 253 1006 322 T
1051 257 1165 324 A.
1653 278 1739 346 15

137 437 212 518 δι
237 432 585 514 Tarrhaei
617 429 922 531 scripfit;
997 444 1081 508 vt
1111 428 1302 506 testis
1329 393 1433 509 est
1464 433 1743 514 Suidas

137 621 212 698 in
273 612 613 708 Ζηνὸβιος.
729 611 997 712 ‘Atque
1068 611 1244 696 inde
1308 612 1405 691 est
1436 668 1458 706 ,
1540 620 1736 716 quod
1796 643 1800 656 ·

134 798 471 884 Sallustii-
493 819 783 900 quoque
827 793 1165 872 meminit
1194 795 1614 895 Stephanus
1654 800 1736 882 in

135 977 430 1078 Α”ζιλιςζ
543 978 854 1058 Vtinam
911 997 1085 1072 vero
1138 977 1451 1056 exstaret
1504 979 1738 1082 Asper

137 1161 698 1284 Grammaticus
755 1158 1072 1240 Sallustii
1136 1161 1495 1286 interpres
1562 1165 1737 1242 teste

133 1345 616 1443 Hieronymo.
714 1344 1096 1436 Quaedam
1134 1368 1231 1420 ex
1272 1367 1361 1419 eo
1386 1344 1570 1423 citat
1598 1346 1736 1426 So·

134 1525 418 1628 fipater.
522 1527 832 1608 Ioannes
865 1525 1195 1628 Baptista
1225 1527 1401 1609 Pius
1426 1543 1737 1610 annota-

8 1647 11 1672 ε
131 1710 420 1787 tionum
442 1707 922 1792 posteriorum
951 1733 1118 1810 cap.
1136 1709 1516 1792 LXXXIV
1554 1713 1737 1789 citat

131 1890 520 1989 antiquum
551 1891 940 1978 auciorem,
974 1889 1107 1989 qui
1148 1888 1384 1967 vitam
1416 1891 1741 1969 Sallustii

132 2071 407 2151 scribit.
475 2072 673 2149 Eum
699 2096 848 2149 non
887 2069 1090 2150 vidi:
1141 2071 1299 2181 -Sed
1328 2070 1469 2150 scio
1501 2071 1742 2153 vitam

12 2296 14 2299 >
129 2250 469 2333 Sallustii
493 2275 534 2324 e
553 2253 925 2329 veteribus
953 2186 1310 2373 reliquiffe
1337 2252 1743 2333 Asconium

130 2432 546 2522 Pedianum
572 2454 592 2507 ε
645 2442 729 2511 vt
754 2374 1181 2526 cognoscere
1206 2429 1305 2508 est
1332 2454 1425 2509 ex
1450 2432 1744 2510 Acrone

136 2620 235 2697 ad
257 2616 520 2694 Horat.
562 2612 721 2692 Sat.
751 2614 823 2691 II
863 2612 992 2691 lib.
1023 2612 1061 2689 I
1099 2637 1225 2713 41.
1328 2612 1395 2690 E
1436 2612 1741 2693 iuniori-

135 2800 282 2877 bus
318 2795 516 2874 idem
557 2793 802 2873 conati
834 2748 1283 2899 Pornponius
1310 2796 1607 2889 LaetuS,
1660 2793 1739 2877 δε

139 2980 403 3057 Petrus
438 2977 791 3056 Crinitus.
895 2976 1042 3056 Sed
1083 2978 1202 3054 his
1245 2977 1427 3055 fides
1460 2978 1739 3056 haben-

141 3160 263 3253 da,
313 3172 672 3261 quatenus
707 3170 1042 3240 veterum
1087 3154 1347 3235 scrinia
1393 3158 1743 3260 compila-

143 3354 380 3423 tunt.-
466 3339 671 3428 Caua
714 3353 962 3421 autem
1009 3360 1182 3417 cum
1223 3338 1563 3419 Sallustio
1603 3338 1749 3413 hoc
