2250 3875
351 543 617 604 Sallustius

349 637 387 668 ι
407 619 602 679 Republ-

353 701 423 744 αα
429 696 639 757 scriben-

350 776 449 819 das
477 774 617 831 msto-

347 923 609 982 transm.

660 242 749 299 20
982 218 1058 290 C.
1095 220 1236 292 CR.
1278 220 1819 298 SALLVSTII

663 398 843 484 supra
886 416 962 463 ea
982 441 1003 473 ,
1039 395 1268 462 veluti
1312 394 1462 461 fieta
1482 440 1503 473 ,
1577 417 1688 481 pro
1729 373 1895 464 faifis
1948 400 2137 469 ducit.

664 512 788 578 Sed
814 532 932 596 ego
966 508 1491 586 adolescentulus,
1530 510 1713 575 initio
1742 510 1922 576 ficuti
1952 514 2140 596 pleri-

662 644 792 712 que
811 669 832 701 ,
883 622 1090 689 studio
1136 621 1216 685 ad
1264 623 1710 706 rempublicam
1758 617 1927 689 latu'a
1966 626 2097 687 sum
2116 668 2139 703 ‚

662 738 871 823 ibique
915 736 1071 801 mihi
1117 734 1373 799 aduersa
1412 737 1613 801 multa
1651 736 1852 804 fuere.
1972 738 2139 803 Nam

660 871 770 939 pro
813 849 1088 934 pudore,
1130 867 1239 932 pro
1278 848 1677 925 abstinentia,
1718 870 1828 935 pro
1869 851 2145 929 virtute;

658 963 936 1039 audacia,
963 957 1231 1041 largitio,
1262 962 1523 1027 auaritia
1556 962 1867 1045 vigebant.
1954 964 2142 1039 Quae

655 1070 902 1141 tametsi
933 1069 1181 1134 animus
1208 1070 1667 1155 aspernabatur,
1708 1072 1971 1141 insolens
2003 1093 2143 1139 ma-

655 1189 856 1254 larum
885 1183 1153 1260 artium3
1195 1190 1407 1247 tamen
1434 1185 1601 1249 inter
1633 1196 1809 1253 tanta
1840 1189 1991 1253 vitia
2016 1189 2143 1252 im-

656 1298 884 1368 becilla
909 1304 1081 1363 aetas
1110 1292 1451 1359 ambitione
1475 1278 1757 1381 corrupta
1778 1300 2142 1367 tenebatur:

657 1431 732 1477 ac
765 1432 900 1487 me,
943 1428 1146 1493 quum
1187 1407 1263 1472 ab
1304 1406 1683 1490 reliquorum
1724 1411 1904 1474 malis
1949 1416 2145 1479 mori-

653 1526 777 1593 hus
805 1520 1184 1589 diffentirem
1200 1564 1221 1597 ,
1259 1518 1456 1585 nihilo
1488 1522 1699 1585 minus
1735 1522 1983 1589 honoris
2017 1547 2145 1591 cu-

655 1636 837 1723 pido,
896 1635 1144 1709 eadem,
1202 1652 1368 1723 quae
1404 1642 1647 1701 ceteros
1670 1678 1693 1713 ,
1746 1634 1912 1700 fama
1936 1648 2143 1723 ,atque

654 1749 900 1815 inuidia
938 1746 1222 1814 vexabat.

822 1860 952 1930 IV.
1007 1860 1221 1944 Igitur·
1234 1859 1341 1924 vbi
1367 1859 1613 1925 animus
1654 1882 1733 1927 ex
1756 1863 1972 1929 multis
2010 1866 2140 1930 mi-

651 1974 823 2042 seriis
869 1982 1061 2057 atque
1107 1973 1397 2056 periculis
1445 1975 1757 2056 requieuit
1784 2020 1805 2054 ,
1860 1975 1931 2040 ἀ
1981 1979 2142 2046 mihi

650 2086 959 2168 reliquam
996 2092 1271 2149 aetatem
1317 2101 1356 2145 a
1400 2085 1712 2169 republica
1757 2089 1973 2173 procul
2020 2090 2145 2157 ha-

649 2197 922 2266 bendam
949 2195 1237 2273 decreu13
1276 2215 1405 2260 non
1430 2196 1557 2262 fuit
1582 2197 1904 2264 confilium
1932 2199 2141 2267 secor-

649 2312 756 2376 dia
794 2319 986 2393 atque
1017 2307 1248 2374 defidia
1275 2309 1511 2374 bonum
1548 2313 1749 2376 otium
1774 2322 2139 2382 conterere=

647 2442 858 2507 neque
901 2441 1050 2487 vero
1085 2441 1303 2504 agrum
1341 2421 1637 2497 colendo,
1678 2432 1789 2489 ant
1816 2427 2133 2503 venando,

645 2531 972 2600 seruilibus
997 2528 1223 2594 officiis
1250 2531 1587 2609 intentum,
1614 2544 1887 2608 aetatem
1906 2555 2095 2619 agere
2112 2561 2139 2617 ;

642 2643 749 2710 fed
783 2659 824 2705 a
857 2661 986 2726 quo
1021 2643 1271 2726 incepto
1302 2642 1501 2708 studio
1536 2663 1639 2710 me
1672 2647 1925 2712 ambitio
1960 2653 2137 2717 mala

532 2817 538 2824 .
643 2756 1024 2829 detinuerat,
1063 2753 1284 2820 eodem
1308 2739 1635 2837 r‘egreffus,
1670 2759 1859 2825 statui
1885 2780 1985 2824 res
2012 2781 2155 2845 ge-.

641 2867 764 2937 stan
803 2865 1016 2951 populi
1054 2865 1321 2932 Romani
1358 2869 1617 2953 carptim
1636 2914 1657 2948 ,
1715 2882 1786 2938 vt
1830 2893 2133 2962 quaeque

640 2979 949 3047 memoria
965 2978 1154 3062 digna
1184 2979 1573 3059 videbantur,
1604 2983 2004 3068 perscriberet
2044 3009 2132 3054 eo

640 3093 877 3176 magis,
931 3090 1099 3176 quod
1137 3091 1291 3158 mihi
1329 3111 1366 3157 a
1404 3092 1506 3180 spe
1522 3139 1543 3173 ,
1580 3107 1789 3176 metu,
1844 3099 2131 3182 partibus

638 3204 1013 3288 reipublicae
1057 3205 1303 3272 animus
1342 3206 1501 3273 liber
1538 3220 1696 3277 erat.
1794 3210 1997 3294 Igitur
2038 3212 2134 3277 de

501 3321 511 3332 '
635 3313 941 3384 Catilinae
997 3317 1425 3396 coniuratione
1448 3365 1472 3402 ‚
1548 3341 1741 3408 quam
1796 3320 2131 3392 verifl‘ume
