2250 3875
442 239 960 334 CA'i'ILINA.
1046 266 1253 334 cAP.
1293 267 1413 336 LI.
1592 277 1675 355 69

181 462 337 509 num
373 442 585 506 virum
616 441 838 506 fortem
870 449 1064 524 atque
1093 440 1413 506 strenuum
1429 486 1452 517 ,
1504 451 1671 507 certe
1690 458 1907 515 caesares
1923 463 1981 506 en

179 557 340 631 scio,
383 575 550 639 quae
590 554 850 637 dixerit,
904 553 1111 617 studio
1154 554 1526 637 reipublicae
1570 534 1963 659 dumam*

174 668 352 745 xiffe,
393 687 606 750 neque
629 668 807 730 illum
833 667 912 729 in*
929 674 1104 731 tanta
1132 686 1200 729 re
1228 669 1517 749 gratiam,
1556 677 1667 734 aut

170 781 540 846 inimicitias
568 799 851 845 exercere
867 794 890 862 3
933 799 1039 842 eos
1071 799 1277 843 mores
1294 821 1315 854 ,
1355 799 1493 844 eam
1530 800 1667 842 mo-

169 895 440 960 destiam
498 891 612 955 viri
665 891 945 974 cognoui.
1068 892 1311 960 Verum
1361 892 1669 958 sententia

167 1027 301 1072 non
331 1005 487 1068 mihi
513 1005 806 1078 crudeliS‚
864 1003 1014 1085 quid
1047 1005 1213 1067 enim
1252 1006 1321 1067 in
1360 1007 1519 1068 tales
1550 1007 1663 1070 ho-

167 1121 378 1184 mines
416 1116 676 1182 crudele
720 1115 858 1179 fieri
898 1117 1085 1198 potest
1110 1116 1147 1182 2
1230 1116 1333 1180 sed
1379 1118 1582 1183 aliena
1620 1141 1659 1185 a

169 1230 498 1315 republica
547 1229 750 1293 nostra
793 1228 1054 1296 videtur.
1182 1227 1346 1293 Nam
1387 1231 1657 1312 profeffl)

173 1354 294 1408 aut
326 1352 532 1407 metus
543 1387 564 1418 ,
607 1348 716 1405 aut
743 1341 972 1405 iniuria
1013 1353 1080 1406 te
1110 1339 1383 1424 subegit,
1426 1341 1655 1422 Silam,

171 1455 504 1522 Consulem
546 1451 929 1536 defignatum
948 1499 966 1528 ,
1020 1473 1219 1536 genus
1261 1473 1495 1536 poenae
1540 1477 1655 1520 no.

165 1589 324 1634 uum
367 1569 720 1633 decernere.
803 1566 898 1630 De
943 1566 1165 1630 timore
1206 1566 1654 1650 superuacane-

162 1703 282 1748 um
319 1681 410 1746 est
448 1678 765 1754 differet-e,
819 1699 1015 1762 quum
1049 1679 1348 1762 praesenti
1384 1681 1650 1764 diligen·-

159 1797 252 1860 tia
295 1783 630 1858 clarifl‘umi
671 1791 788 1856 viri
823 1790 1102 1855 Consulis
1142 1801 1319 1857 tanta
1352 1793 1649 1877 praesidia

159 1907 287 1973 fint
325 1906 396 1969 in
434 1905 632 1972 armis,
734 1905 832 1968 De
875 1920 1074 1985 poena
1112 1902 1429 1985 poffumus
1467 1888 1649 1988 equi·

159 2023 308 2084 dem
348 2020 550 2083 dicere
588 2018 690 2093 id,
745 2016 912 2099 quod
943 2030 1044 2079 res
1082 2016 1270 2081 habet
1292 2025 1316 2081 τ’
1367 2019 1433 2080 in
1463 2016 1646 2082 luffa

152 2144 351 2215 atque
410 2132 663 2196 miseriis
721 2140 982 2194 mortem
1050 2150 1489 2197 aerumnarum
1544 2152 1645 2195 re-

155 2246 408 2329 quiem,
461 2263 588 2307 non
635 2242 980 2307 cruciatum
1019 2240 1181 2320 effe3
1236 2264 1377 2309 eam
1421 2227 1646 2311 etin&

153 2358 520 2422 mortanum
569 2356 732 2419 mala
776 2351 1102 2417 diffoluere
1134 2374 1154 2427 ;
1238 2356 1397 2419 vltra
1426 2340 1645 2437 ¹neqile

153 2490 348 2535 curae
386 2487 594 2552 neque
621 2466 854 2550 gaudio
887 2466 1099 2529 locum
1132 2462 1273 2527 effe.
1360 2465 1505 2541 Sed,
1534 2484 1645 2547 per

147 2583 304 2646 deos
328 2580 745 2645 immortales!
776 2578 1172 2662 quamobrem
1196 2579 1259 2641 in
1277 2576 1646 2643 sententiam

147 2714 280 2787 nen
319 2693 632 2768 addidisti,
685 2693 776 2757 vti
804 2692 974 2775 prius
1015 2691 1379 2756 verberibus
1422 2694 1489 2756 in
1531 2713 1641 2757 eos

145 2806 798 2871 animaduerteretur?
841 2821 943 2880 an,
973 2806 1118 2887 quia
1146 2806 1247 2868 lex
1282 2806 1493 2871 Porcia
1527 2826 1640 2871 ve-

145 2925 241 2983 tat
259 2918 297 2983 2
372 2926 440 2981 at
477 2917 636 2981 aliae
674 2919 848 2998 leges
886 2917 1040 2979 item
1080 2918 1504 2982 condemnatis
1546 2920 1641 2981 ci-

144 3031 338 3095 uibus
387 3030 659 3094 animam
701 3048 828 3092 non
871 3027 1048 3111 eripi,
1101 3028 1207 3093 sed
1246 3030 1312 3095 in
1352 3030 1638 3095 exsilium

138 3142 426 3227 permitti
472 3140 714 3209 iubent.
830 3140 937 3205 An
964 3183 985 3215 ‚
1046 3140 1197 3224 quia
1241 3143 1503 3223 grauius
1546 3142 1638 3208 est

137 3254 506 3329 verberari,
592 3270 784 3336 quam
837 3252 1044 3317 necari
1072 3252 1110 3317 2²
1210 3256 1363 3336 quid
1419 3263 1636 3318 autem

137 3367 457 3449 acerbum,
499 3373 610 3433 aut
638 3383 836 3448 graue
861 3365 1049 3427 nimis
1071 3366 1143 3429 in
1166 3364 1449 3430 homines
1476 3364 1639 3429 tanti

799 3472 856 3536 E
893 3493 927 3555 3
1410 3470 1417 3477 ’
