2250 3875
614 285 696 353 72
936 261 1010 331 c,
1049 261 1188 330 ca.
1230 259 1771 330 SALLvsTn

313 454 532 512 σαφής
549 457 605 499 εκ
617 439 758 513 tari,
801 455 994 522 quam
1023 437 1309 500 inuidere
1348 433 1526 498 bonis
1558 435 1894 500 malebant.
1980 428 2111 498 Sea

311 532 590 574 coniuratos

313 609 486 656 oratio.

301 3144 376 3191 Μ.
400 3142 588 3189 catonus

302 3203 360 3245 de
371 3202 472 3245 com·
477 3212 593 3242 ura-

617 551 836 614 eodem
877 549 986 612 illo
1015 559 1293 631 tempore
1306 592 1327 621 ,
1368 548 1663 611 Graeciae
1693 566 1929 610 morem
1962 547 2115 609 imi-

615 663 757 738 tati,
801 661 1159 726 verberibus
1192 660 1766 724 animaduertebant
1800 661 1867 722 in
1904 659 2116 733 ciues,

619 775 702 838 de
746 773 1181 838 condemnatis
1228 771 1536 835 summum
1592 771 1957 856 supplicium
2004 770 2113 833 su*-

617 886 892 950 mebant.
979 885 1300 967 Postquam
1342 883 1675 965 respublica
1692 884 2003 964 adoleuit,
2034 879 2111 946 &

617 997 1024 1063 multitudine
1057 997 1287 1060 ciuium
1322 995 1621 1061 fafflones
1652 998 1935 1070 valuere,
1978 995 2113 1058 cir-

615 1109 968 1173 cumueniri
1023 1109 1389 1172 innocentes
1412 1153 1433 1184 ,
1508 1110 1629 1172 alia
1680 1107 2113 1174 huiuscemodi

615 1220 759 1286 fieri
787 1240 1077 1302 coepere3
1119 1230 1261 1282 tum
1293 1220 1397 1282 lex
1422 1221 1634 1284 Porcia
1668 1220 1954 1302 aliaeque
1996 1237 2112 1301 pa-

616 1342 812 1406 ratae,
831 1334 1054 1414 quibus
1075 1333 1319 1414 legibus
1338 1329 1617 1396 exfilium
1634 1333 1941 1395 damnatis
1962 1351 2113 1414 per-

617 1441 888 1512 miss'um.
977 1444 1155 1507 Hanc
1192 1463 1311 1524 ego
1348 1441 1641 1518 mulsam,
1705 1445 1915 1509 Patres
1944 1463 2111 1506 ›con-

612 1555 841 1638 scripti,
879 1575 1008 1638 quo
1035 1556 1249 1618 minus
1273 1573 1513 1618 nouum
1545 1555 1869 1621 confilium
1894 1557 2111 1639 capia-

614 1685 794 1739 mus,
847 1667 912 1729 in
953 1667 1167 1748 primia
1208 1684 1498 1748 magnam
1540 1677 1719 1750 puto.
1820 1667 2112 1734 Profecto

613 1779 815 1842 virtus
853 1787 1044 1862 atque
1084 1777 1379 1863 sapientia
1424 1782 1619 1844 maior
1663 1782 1729 1844 in
1774 1781 1899 1845 illis
1936 1781 2067 1846 fuit
2084 1819 2107 1857 ‚

613 1890 728 1976 qui
760 1910 841 1955 ex
875 1891 1083 1975 paruis
1115 1891 1333 1976 opibus
1370 1898 1615 1959 tantum
1646 1894 1972 1977 imperium
2008 1869 2112 1959 fe-

617 2023 797 2078 cere,
859 2022 1046 2086 quam
1089 2006 1157 2067 in
1200 2004 1413 2080 nobie,
1472 2008 1583 2087 qui
1620 2024 1695 2067 ea
1730 2008 1889 2071 bene
1930 2017 2110 2091 parta

615 2115 726 2178 vix
757 2116 1122 2177 retinemus·
1225 2118 1434 2180 Placet
1466 2115 1692 2193 igitur,
1734 2140 1842 2183 eos
1872 2120 2111 2186 dimitti

615 2224 686 2291 &
717 2226 936 2306 augeri
967 2227 1307 2308 exercitum
1342 2227 1647 2293 Catilinae
1670 2230 1709 2295 ‘3
1790 2233 2113 2309 minume;

612 2335 720 2400 sed
759 2335 846 2399 ita
883 2338 1104 2403 censeo
1129 2320 1153 2403 Ξ
1220 2342 1613 2423 publicandas
1656 2362 1875 2407 eorum
1910 2364 2110 2428 pecu-

613 2450 770 2527 niae,
813 2449 970 2533 ipsos
1003 2453 1070 2515 in
1101 2453 1366 2517 vinculis
1401 2453 1715 2515 habendos
1747 2472 1859 2534 per
1888 2459 2108 2521 muni-

609 2563 808 2644 ciPia‚
851 2580 1012 2644 quae
1053 2580 1347 2625 maxume
1392 2563 1613 2644 opibus
1658 2564 1911 2629 valente
1975 2589 2109 2635 neu

613 2673 755 2752 quis
781 2672 859 2735 de
889 2672 944 2735 is
975 2674 1179 2753 postea
1208 2674 1287 2733 ad
1318 2670 1618 2737 Senatum
1646 2674 1897 2753 referat,
1924 2692 2108 2746 'neue

609 2800 756 2845 cum
785 2772 1013 2863 pupillo
1042 2793 1223 2864 agat:
1280 2784 1387 2866 qui
1413 2786 1594 2849 aliter
1618 2786 1862 2864 fecerit,
1904 2789 2109 2857 Sena-

609 2900 749 2955 tum
783 2892 1191 2967 existumare,
1234 2916 1379 2961 eum
1410 2907 1625 2961 contra
1658 2903 2107 2984 rempublicam

611 2996 680 3067 &
711 3002 972 3067 salutem
1010 3008 1291 3070 omnium
1326 3007 1663 3078 facturum.
1695 3055 1737 3087 ‚‚

741 3114 902 3181 LII.
975 3117 1302 3201 Postquam
1350 3122 1572 3186 Caesar
1616 3124 1861 3190 dicendi
1902 3128 2105 3195 finem

299 3262 373 3338 “f
389 3261 560 3308 mm,
609 3225 777 3305 fecit,
820 3231 1014 3295 ceteri
1043 3232 1229 3307 verbo
1256 3234 1423 3298 alius
1448 3235 1560 3300 alii
1588 3239 1758 3305 varie
1788 3239 2105 3307 adsentie-
